@online{wiki:catenery,
    author = {{Catenary}},
    title = "Catenergy --- {W}ikipedia{,} The Free Encyclopedia",
    url = "https://en.wikipedia.org/wiki/Catenary",
    date = "2022-12-01",
    year = "2022",
}

@online{wiki:ssaf,
    author = {{Static single assignment form}},
    title = "Static single assignment form --- {W}ikipedia{,} The Free
             Encyclopedia",
    url = "https://en.wikipedia.org/wiki/Static_single-assignment_form",
    date = "2022-12-01",
    year = "2022",
}
